%YAML 1.1
%TAG !u! tag:unity3d.com,2011:
--- !u!1 &5525623472615138985
GameObject:
  m_ObjectHideFlags: 0
  m_CorrespondingSourceObject: {fileID: 0}
  m_PrefabInstance: {fileID: 0}
  m_PrefabAsset: {fileID: 0}
  serializedVersion: 6
  m_Component:
  - component: {fileID: 4125828359711066206}
  - component: {fileID: 2878486573940214711}
  - component: {fileID: 8114883738710891830}
  - component: {fileID: 4553884966611436058}
  - component: {fileID: 7049609614209126816}
  - component: {fileID: 7188832704844245452}
  m_Layer: 8
  m_Name: ShortTile
  m_TagString: ShortTile
  m_Icon: {fileID: 0}
  m_NavMeshLayer: 0
  m_StaticEditorFlags: 0
  m_IsActive: 1
--- !u!4 &4125828359711066206
Transform:
  m_ObjectHideFlags: 0
  m_CorrespondingSourceObject: {fileID: 0}
  m_PrefabInstance: {fileID: 0}
  m_PrefabAsset: {fileID: 0}
  m_GameObject: {fileID: 5525623472615138985}
  m_LocalRotation: {x: -0, y: -0, z: -0, w: 1}
  m_LocalPosition: {x: 0, y: 0, z: 0}
  m_LocalScale: {x: 1.3, y: 0.35999998, z: 3.1104004}
  m_Children:
  - {fileID: 7552747253699673754}
  - {fileID: 7271935410434199128}
  m_Father: {fileID: 0}
  m_RootOrder: 0
  m_LocalEulerAnglesHint: {x: 0, y: 0, z: 0}
--- !u!33 &2878486573940214711
MeshFilter:
  m_ObjectHideFlags: 0
  m_CorrespondingSourceObject: {fileID: 0}
  m_PrefabInstance: {fileID: 0}
  m_PrefabAsset: {fileID: 0}
  m_GameObject: {fileID: 5525623472615138985}
  m_Mesh: {fileID: 10202, guid: 0000000000000000e000000000000000, type: 0}
--- !u!23 &8114883738710891830
MeshRenderer:
  m_ObjectHideFlags: 0
  m_CorrespondingSourceObject: {fileID: 0}
  m_PrefabInstance: {fileID: 0}
  m_PrefabAsset: {fileID: 0}
  m_GameObject: {fileID: 5525623472615138985}
  m_Enabled: 1
  m_CastShadows: 0
  m_ReceiveShadows: 0
  m_DynamicOccludee: 1
  m_MotionVectors: 1
  m_LightProbeUsage: 1
  m_ReflectionProbeUsage: 1
  m_RayTracingMode: 2
  m_RayTraceProcedural: 0
  m_RenderingLayerMask: 1
  m_RendererPriority: 0
  m_Materials:
  - {fileID: 2100000, guid: 0c5162b01642abd4680b3783efe22396, type: 2}
  m_StaticBatchInfo:
    firstSubMesh: 0
    subMeshCount: 0
  m_StaticBatchRoot: {fileID: 0}
  m_ProbeAnchor: {fileID: 0}
  m_LightProbeVolumeOverride: {fileID: 0}
  m_ScaleInLightmap: 1
  m_ReceiveGI: 1
  m_PreserveUVs: 0
  m_IgnoreNormalsForChartDetection: 0
  m_ImportantGI: 0
  m_StitchLightmapSeams: 1
  m_SelectedEditorRenderState: 3
  m_MinimumChartSize: 4
  m_AutoUVMaxDistance: 0.5
  m_AutoUVMaxAngle: 89
  m_LightmapParameters: {fileID: 0}
  m_SortingLayerID: 0
  m_SortingLayer: 0
  m_SortingOrder: 0
  m_AdditionalVertexStreams: {fileID: 0}
--- !u!65 &4553884966611436058
BoxCollider:
  m_ObjectHideFlags: 0
  m_CorrespondingSourceObject: {fileID: 0}
  m_PrefabInstance: {fileID: 0}
  m_PrefabAsset: {fileID: 0}
  m_GameObject: {fileID: 5525623472615138985}
  m_Material: {fileID: 0}
  m_IsTrigger: 1
  m_Enabled: 1
  serializedVersion: 2
  m_Size: {x: 1, y: 2, z: 0.5680316}
  m_Center: {x: 0, y: -0.00926902, z: 0.22295494}
--- !u!54 &7049609614209126816
Rigidbody:
  m_ObjectHideFlags: 0
  m_CorrespondingSourceObject: {fileID: 0}
  m_PrefabInstance: {fileID: 0}
  m_PrefabAsset: {fileID: 0}
  m_GameObject: {fileID: 5525623472615138985}
  serializedVersion: 2
  m_Mass: 1
  m_Drag: 0
  m_AngularDrag: 0.05
  m_UseGravity: 0
  m_IsKinematic: 1
  m_Interpolate: 0
  m_Constraints: 0
  m_CollisionDetection: 0
--- !u!114 &7188832704844245452
MonoBehaviour:
  m_ObjectHideFlags: 0
  m_CorrespondingSourceObject: {fileID: 0}
  m_PrefabInstance: {fileID: 0}
  m_PrefabAsset: {fileID: 0}
  m_GameObject: {fileID: 5525623472615138985}
  m_Enabled: 1
  m_EditorHideFlags: 0
  m_Script: {fileID: 11500000, guid: d9eef26b586d2974d95ca224b08f4489, type: 3}
  m_Name: 
  m_EditorClassIdentifier: 
  material: {fileID: 2100000, guid: 0c5162b01642abd4680b3783efe22396, type: 2}
--- !u!1 &5910900698217531927
GameObject:
  m_ObjectHideFlags: 0
  m_CorrespondingSourceObject: {fileID: 0}
  m_PrefabInstance: {fileID: 0}
  m_PrefabAsset: {fileID: 0}
  serializedVersion: 6
  m_Component:
  - component: {fileID: 7552747253699673754}
  - component: {fileID: 6259422138684541442}
  m_Layer: 8
  m_Name: SubCollider
  m_TagString: Untagged
  m_Icon: {fileID: 0}
  m_NavMeshLayer: 0
  m_StaticEditorFlags: 0
  m_IsActive: 0
--- !u!4 &7552747253699673754
Transform:
  m_ObjectHideFlags: 0
  m_CorrespondingSourceObject: {fileID: 0}
  m_PrefabInstance: {fileID: 0}
  m_PrefabAsset: {fileID: 0}
  m_GameObject: {fileID: 5910900698217531927}
  m_LocalRotation: {x: 0, y: 0, z: 0, w: 1}
  m_LocalPosition: {x: 0, y: 0, z: 0}
  m_LocalScale: {x: 1, y: 1, z: 1}
  m_Children: []
  m_Father: {fileID: 4125828359711066206}
  m_RootOrder: 0
  m_LocalEulerAnglesHint: {x: 0, y: 0, z: 0}
--- !u!65 &6259422138684541442
BoxCollider:
  m_ObjectHideFlags: 0
  m_CorrespondingSourceObject: {fileID: 0}
  m_PrefabInstance: {fileID: 0}
  m_PrefabAsset: {fileID: 0}
  m_GameObject: {fileID: 5910900698217531927}
  m_Material: {fileID: 0}
  m_IsTrigger: 0
  m_Enabled: 1
  serializedVersion: 2
  m_Size: {x: 1, y: 1, z: 1}
  m_Center: {x: 0, y: 0, z: 0}
--- !u!1001 &6563951963407854107
PrefabInstance:
  m_ObjectHideFlags: 0
  serializedVersion: 2
  m_Modification:
    m_TransformParent: {fileID: 4125828359711066206}
    m_Modifications:
    - target: {fileID: 4607592873937945967, guid: 5a276cb4abf51204c9f46078ed7480b5, type: 3}
      propertyPath: m_Name
      value: chest_open
      objectReference: {fileID: 0}
    - target: {fileID: 4610785736191697987, guid: 5a276cb4abf51204c9f46078ed7480b5, type: 3}
      propertyPath: m_LocalPosition.x
      value: -0.0030596384
      objectReference: {fileID: 0}
    - target: {fileID: 4610785736191697987, guid: 5a276cb4abf51204c9f46078ed7480b5, type: 3}
      propertyPath: m_LocalPosition.y
      value: 0.46
      objectReference: {fileID: 0}
    - target: {fileID: 4610785736191697987, guid: 5a276cb4abf51204c9f46078ed7480b5, type: 3}
      propertyPath: m_LocalPosition.z
      value: 0.35986832
      objectReference: {fileID: 0}
    - target: {fileID: 4610785736191697987, guid: 5a276cb4abf51204c9f46078ed7480b5, type: 3}
      propertyPath: m_LocalRotation.x
      value: 0.50000024
      objectReference: {fileID: 0}
    - target: {fileID: 4610785736191697987, guid: 5a276cb4abf51204c9f46078ed7480b5, type: 3}
      propertyPath: m_LocalRotation.y
      value: 0.49999982
      objectReference: {fileID: 0}
    - target: {fileID: 4610785736191697987, guid: 5a276cb4abf51204c9f46078ed7480b5, type: 3}
      propertyPath: m_LocalRotation.z
      value: 0.49999982
      objectReference: {fileID: 0}
    - target: {fileID: 4610785736191697987, guid: 5a276cb4abf51204c9f46078ed7480b5, type: 3}
      propertyPath: m_LocalRotation.w
      value: -0.50000024
      objectReference: {fileID: 0}
    - target: {fileID: 4610785736191697987, guid: 5a276cb4abf51204c9f46078ed7480b5, type: 3}
      propertyPath: m_RootOrder
      value: 1
      objectReference: {fileID: 0}
    - target: {fileID: 4610785736191697987, guid: 5a276cb4abf51204c9f46078ed7480b5, type: 3}
      propertyPath: m_LocalEulerAnglesHint.x
      value: -90
      objectReference: {fileID: 0}
    - target: {fileID: 4610785736191697987, guid: 5a276cb4abf51204c9f46078ed7480b5, type: 3}
      propertyPath: m_LocalEulerAnglesHint.y
      value: 0
      objectReference: {fileID: 0}
    - target: {fileID: 4610785736191697987, guid: 5a276cb4abf51204c9f46078ed7480b5, type: 3}
      propertyPath: m_LocalEulerAnglesHint.z
      value: 270
      objectReference: {fileID: 0}
    m_RemovedComponents: []
  m_SourcePrefab: {fileID: 100100000, guid: 5a276cb4abf51204c9f46078ed7480b5, type: 3}
--- !u!4 &7271935410434199128 stripped
Transform:
  m_CorrespondingSourceObject: {fileID: 4610785736191697987, guid: 5a276cb4abf51204c9f46078ed7480b5, type: 3}
  m_PrefabInstance: {fileID: 6563951963407854107}
  m_PrefabAsset: {fileID: 0}
